@misc {wiki:,
	publisher = {Wikipedie: Otevřená encyklopedie},
	langid    = {english},
	author    = "{Přispěvatelé wikipedie}",
	title     = {},
	year      = {},
	url       = {},
	urldate   = {--}
}

@book {TeMno,
	title     = {Teorie množin},
	publisher = {Academia, nakladatelství AV ČR},
	isbn      = {80-200-0470-X},
	year      = {2001},
	edition   = {2., opravené a rozšířené},
	location  = {Praha},
	author    = {Bohuslav Balcar and Petr Štěpánek}
}

@online {wiki:cislo,
	publisher = {Wikipedie: Otevřená encyklopedie},
	author    = "{Přispěvatelé Wikipedie}",
	title     = {Číslo},
	year      = {2021},
	url       = {https://cs.wikipedia.org/w/index.php?title=\%C4\%8C\%C3\%ADslo&oldid=19341576},
	urldate   = {2021-02-21}
}

@online {wiki:extensionality,
	publisher = {Wikipedie: Otevře\-ná encyklopedie},
	langid    = {english},
	author    = "{Přispěvatelé wikipedie}",
	title     = {Extensionality},
	year      = {2020},
	url       = {https://en.wikipedia.org/w/index.php?title=Extensionality&oldid=979220890},
	urldate   = {2021-03-03},
}


@online {wiki:ZFST,
	publisher = {Wiki\-pedie: Otevřená encyklopedie},
	author    = "{Přispěvatelé Wikipedie}",
	langid    = {english},
	title     = {Zermelo–Fraenkel set theory},
	year      = {2021},
	url       = {https://en.wikipedia.org/w/index.php?title=Zermelo\%E2\%80\%93Fraenkel_set_theory\&oldid=1005389352},
	urldate   = {2021-03-03}
}

@online {wiki:integer,
	publisher = {Wikipedie: Otevřená encyklopedie},
	author    = "{Přispěvatelé Wikipedie}",
	langid    = {english},
	title     = {Integer},
	year      = "2021",
	url       = {https://en.wikipedia.org/w/index.php?title=Integer&oldid=1000518586},
	urldate   = {2021-03-03}
}

@online {wiki:AN,
	publisher = {Wikipedie: Otevřená encyklopedie},
	author    = "{Přispěvatelé Wikipedie}",
	langid    = {english},
	title     = {Algebraic number},
	year      = {2021},
	url       = {https://en.wikipedia.org/w/index.php?title=Algebraic_number&oldid=1009266717},
	urldate   = {2021-03-03}
}

@online {wiki:TrN,
	publisher = {Wikipedie: Otevřená encyklopedie},
	langid    = {english},
	author    = "{Přispěvatelé wikipedie}",
	title     = {Transcendental number},
	year      = {2021},
	url       = {https://en.wikipedia.org/w/index.php?title=Transcendental_number&oldid=1006089455},
	urldate   = {2021-03-03}
}

@online {DK:DPFJP,
	author    = {Zuzana Došlá and Jaromír Kuben},
	title     = {Diferenciální počet funkcí jedné proměnné},
	edition   = 1,
	year      = {2004},
	isbn      = {80-210-3121-2},
	publisher = {Masarykova univerzita},
	location  = {Brno}
}

@online {wiki:RN,
	publisher = {Wikipedie: Ote\-vřená encyklopedie},
	langid    = {english},
	author    = "{Přispěvatelé wikipedie}",
	title     = {Rational number},
	year      = {2021},
	url       = {https://en.wikipedia.org/w/index.php?title=Rational_number&oldid=1009659902},
	urldate   = {2021-03-03}
}

@online {wiki:IR,
	publisher = {Wikipedie: Otevřená encyklopedie},
	langid    = {english},
	author    = "{Přispěvatelé wikipedie}",
	title     = {Irrational number},
	year      = {2021},
	url       = {https://en.wikipedia.org/w/index.php?title=Irrational_number&oldid=999057636},
	urldate   = {2021-03-03}
}

@online {wiki:ReN,
	publisher = {Wikipedie: Otevřená encyklopedie},
	langid    = {english},
	author    = "{Přispěvatelé wikipedie}",
	title     = {Real number},
	year      = {2021},
	url       = {https://en.wikipedia.org/w/index.php?title=Real_number&oldid=1007846914},
	urldate   = {2021-03-03}
}

@online {wiki:CompN,
	publisher = {Wikipedie: Otevřená encyklopedie},
	langid    = {english},
	author    = "{Přispěvatelé wikipedie}",
	title     = {Computable number},
	year      = {2020},
	url       = {https://en.wikipedia.org/w/index.php?title=Computable_number&oldid=997421913},
	urldate   = {2021-03-03}
}

@online {wiki:GN,
	publisher = {Wikipedie: Otevřená encyklopedie},
	langid    = {english},
	author    = "{Přispěvatelé wikipedie}",
	title     = {Gödel numbering},
	year      = {2021},
	url       = {https://en.wikipedia.org/w/index.php?title=G\%C3\%B6del_numbering&oldid=1003248814},
	urldate   = {2021-03-03}
}

@online {wiki:ContH,
	publisher = {Wikipedie: Otevřená encyklopedie},
	langid    = {english},
	author    = "{Přispěvatelé wikipedie}",
	title     = {Continuum hypothesis},
	year      = {2021},
	url       = {https://en.wikipedia.org/w/index.php?title=Continuum_hypothesis&oldid=1006031830},
	urldate   = {2021-03-03}
}

@online {wiki:ComplN,
	publisher = {Wikipedie: Otevřená encyklopedie},
	langid    = {english},
	author    = "{Přispěvatelé wikipedie}",
	title     = {Complex number},
	year      = {2021},
	url       = {https://en.wikipedia.org/w/index.php?title=Complex_number&oldid=1007673870},
	urldate   = {2021-03-03}
}

@online {wiki:quaternion,
	publisher = {Wikipedie: Otevřená encyklopedie},
	langid    = {english},
	author    = "{Přispěvatelé wikipedie}",
	title     = {Quaternion},
	year      = {2021},
	url       = {https://en.wikipedia.org/w/index.php?title=Quaternion&oldid=1009400150},
	urldate   = {2021-03-03}
}

@online {wiki:octonion,
	publisher = {Wikipedie: Otevřená encyklopedie},
	langid    = {english},
	author    = "{Přispěvatelé wikipedie}",
	title     = {Octonion},
	year      = {2021},
	url       = {https://en.wikipedia.org/w/index.php?title=Octonion&oldid=1008821877},
	urldate   = {2021-03-03}
}

@online {wiki:sedenion,
	publisher = {Wikipedie: Otevřená encyklopedie},
	langid    = {english},
	author    = "{Přispěvatelé wikipedie}",
	title     = {Sedenion},
	year      = {2021},
	url       = {https://en.wikipedia.org/w/index.php?title=Sedenion&oldid=1007134588},
	urldate   = {2021-03-03}
}

@book{TtLG,
	author    = {Lewis Carroll},
	title     = {Alenka v kraji divů a za zrcadlem},
	year      = {2018},
	edition   = 1,
	publisher = {Městská knihovna v Praze},
	location  = {Praha},
	isbn      = {978-80-7602-231-7}
}

@book{KepOS,
	author    = {Aleš Keprt},
	title     = {Operační systémy},
	year      = {2007},
	location  = {Olomouc},
	publisher = {Univerzita Palackého},
	url       = {https://phoenix.inf.upol.cz/esf/ucebni/OpSys.pdf}
}

@book{Knu02,
	author    = {Donald Ervin Knuth},
	title     = {Umění programování. 2. díl},
	subtitle  = {Seminumerické algoritmy},
	edition   = 1,
	year      = {2010},
	isbn      = {978-80-251-2898-5},
	publisher = {Computer Press},
	location  = {Brno}
}

@online {wiki:float,
	publisher = {Wikipedie: Otevřená encyklopedie},
	langid    = {english},
	author    = "{Přispěvatelé wikipedie}",
	title     = {Single-precision floating-point format},
	year      = {2021},
	url       = {https://en.wikipedia.org/w/index.php?title=Single-precision_floating-point_format&oldid=1005180810},
	urldate   = {2021-02-20}
}

@online {MTTP,
	title     = {Taylorův polynom},
	url       = {https://math.fel.cvut.cz/mt/txtc/4/txc3ca4e.htm},
	author    = {Petr Habala},
	location  = {Praha},
	publisher = {České vysoké učení technické},
	urldate   = {2021-03-29}
}

@misc {wiki:file:binary32,
	publisher = {Wikimedia Commons},
	langid    = {english},
	author    = "{Stannered}",
	title     = {Binary representation of a 32-bit floating-point number},
	year      = {2008},
	url       = {https://upload.wikimedia.org/wikipedia/commons/d/d2/Float_example.svg},
	urldate   = {2021-03-29},
	note      = "Dostupný pod licencí CC BY-SA 3.0"
}

@book {EPJVMAI,
	author    = {Edita Pelantová and Jana Vondráčková},
	title     = {Matematická analýza I},
	url       = {http://km.fjfi.cvut.cz/ma/data/uploads/skripta-matematicka-analyza-1.pdf},
	year      = {2004},
	location  = {Praha},
	publisher = {České vysoké učení technické}
}

@online {wiki:TF,
	publisher = {Wikipedie: Otevřená encyklopedie},
	langid    = {english},
	author    = "{Přispěvatelé wikipedie}",
	title     = {Trigonometric functions},
	year      = {2021},
	url       = {https://en.wikipedia.org/w/index.php?title=Trigonometric_functions&oldid=1008018219},
	urldate   = {2021-02-22}
}

@online {wiki:G,
	publisher = {Wikipedie: Otevřená encyklopedie},
	langid    = {english},
	author    = "{Přispěvatelé wikipedie}",
	title     = {Goniometrie},
	year      = {2018},
	url       = {https://cs.wikipedia.org/w/index.php?title=Goniometrie&oldid=16340597},
	urldate   = {2021-02-22}
}

@online {wiki:e,
	publisher = {Wikipedie: Otevřená encyklopedie},
	langid    = {english},
	author    = "{Přispěvatelé wikipedie}",
	title     = {E (mathematical constant)},
	year      = {2021},
	url       = {https://en.wikipedia.org/w/index.php?title=E_(mathematical_constant)&oldid=1006511794},
	urldate   = {2021-02-24}
}

@online {wiki:LFFpi,
	publisher = {Wikipedie: Otevřená encyklopedie},
	langid    = {english},
	author    = "{Přispěvatelé wikipedie}",
	title     = {Leibniz formula for $\pi$},
	year      = {2021},
	url       = {https://en.wikipedia.org/w/index.php?title=Leibniz_formula_for_\%CF\%80\&oldid=1010582340},
	urldate   = {2021-03-06}
}

@online {wiki:BBPf,
	publisher = {Wikipedie: Otevřená encyklopedie},
	langid    = {english},
	author    = "{Přispěvatelé wikipedie}",
	title     = {Bailey–Borwein–Plouffe formula},
	year      = {2021},
	url       = {https://en.wikipedia.org/w/index.php?title=Bailey\%E2\%80\%93Borwein\%E2\%80\%93Plouffe_formula&oldid=1000758138},
	urldate   = {2021-03-06}
}

@online {wiki:pi,
	publisher = {Wikipedie: Otevřená encyklopedie},
	langid    = {english},
	author    = "{Přispěvatelé wikipedie}",
	title     = {Pi},
	year      = {2021},
	url       = {https://en.wikipedia.org/w/index.php?title=Pi&oldid=1008668875},
	urldate   = {2021-03-06}
}

@book{ZDVNNR,
	author    = {Zuzana Došlá and Vítězslav Novák},
	title     = {Nekonečné řady},
	edition   = 1,
	year      = {2002},
	isbn      = {80-210-1949-2},
	publisher = {Masarykova univerzita},
	location  = {Brno}
}


@online {wiki:logarithm,
	publisher = {Wikipedie: Otevřená encyklopedie},
	langid    = {english},
	author    = "{Přispěvatelé wikipedie}",
	title     = {Logarithm},
	year      = {2021},
	url       = {https://en.wikipedia.org/w/index.php?title=Logarithm&oldid=1011253192},
	urldate   = {2021-03-10}
}

@online {wiki:goldenRatio,
	publisher = {Wikipedie: Otevřená encyklopedie},
	langid    = {english},
	author    = "{Přispěvatelé wikipedie}",
	title     = {Golden ratio},
	year      = {2021},
	url       = {https://en.wikipedia.org/w/index.php?title=Golden_ratio&oldid=1009743473},
	urldate   = {2021-03-10}
}

@online {lpb:numbers,
	author = "{The Common Lisp Cookbook Project}",
	title = {The Common Lisp Cookbook},
	subtitle = {Numbers},
	publisher = {GotHub.io},
	url = {https://lispcookbook.github.io/cl-cookbook/numbers.html},
	year = {2020},
	urldate = {2021-03-29}
}

@manual {gh:cr,
	author    = {Michael Stoll},
	title     = {computable-reals},
	subtitle  = {Arbitrary precision, automatic re-computing real numbers in Common Lisp},
	publisher = {GitHub.io},
	url       = {https://github.com/stylewarning/computable-reals},
	year      = 2021,
	urldate   = {2021-03-29}
}

@manual {mpmath,
	author   = {Johansson, Fredrik a kol.},
	title    = {mpmath},
	subtitle = {a Python library for arbitrary-precision floating-point arithmetic},
	url      = {http://mpmath.org},
	month    = 12,
	year     = {2013},
	urldate  = {2021-03-29}
}

@manual {jscience,
	author    = {Jean-Marie Dautelle},
	title     = {jscience},
	subtitle  = {Tools \& Libraries for the Advancement of Sciences},
	publisher = {GitHub.io},
	url       = {https://github.com/javolution/jscience},
	year      = 2017,
	urldate   = {2021-03-29}
}

@manual {wiki:gmp,
	author   = {Granlund, Torbjörn a kol.},
	title    = "GNU MP",
	subtitle = {The GNU Multiple Precision Arithmetic Library},
	year     = "2020",
	url      = {https://gmplib.org/gmp-man-6.2.1.pdf},
	urldate  = {2021-03-29}
}

@manual {wiki:mpfr,
	title    = {GNU MPFR},
	subtitle = {The Multiple Precision Floating-Point Reliable Library},
	year     = "2020",
	url      = {https://www.mpfr.org/mpfr-current/mpfr.pdf},
	urldate  = {2021-03-29}
}

@manual {wiki:mpir,
	author   = {Granlund, Torbjörn and Hart, William and Gladman, Brian a kol.},
	title    = {MPIR},
	subtitle = {The Multiple Precision Integers and Rationals Library},
	year     = "2017",
	url      = {http://mpir.org/mpir-3.0.0.pdf},
	urldate  = {2021-03-29}
}

@manual {wiki:CLN,
	author   = {Haible, Bruno and Kreckel, Richard B.},
	title    = {CLN},
	subtitle = {a Class Library for Numbers},
	year     = "2019",
	url      = {https://www.ginac.de/CLN/cln.pdf},
	urldate  = {2021-03-29}
}

@online {wiki:NN,
	publisher = {Wikipedie: Otevřená encyklopedie},
	langid    = {english},
	author    = "{Přispěvatelé wikipedie}",
	title     = {Natural number},
	year      = {2021},
	url       = {https://en.wikipedia.org/w/index.php?title=Natural_number&oldid=1011040102},
	urldate   = {2021-03-13}
}

@online {wiki:LD,
	publisher = {Wikipedie: Otevřená encyklopedie},
	langid    = {english},
	author    = "{Přispěvatelé wikipedie}",
	title     = {Long double},
	year      = {2021},
	url       = {https://en.wikipedia.org/w/index.php?title=Long_double&oldid=1003717804},
	urldate   = {2021-03-18}
}


@book{PS:PCL,
	author    = {Peter Seibel},
	title     = {Practical Common Lisp},
	ISBN      = {1590592395},
	publisher = {Apress},
	edition   = 1,
	year      = {2005},
	address   = {New York}
}

@book{tabulky,
	author    = {Jiří Mikulčák and Jura Charvát and Martin Macháček and František Zemánek},
	title     = {Matematické, fyzikální a chemické tabulky a vzorce pro střední školy},
	ISBN      = {9788071962649},
	publisher = {Prometheus},
	edition   = 1,
	year      = {2012},
	address   = {Havlíčkův brod}
}

@book{RachALG1,
	author    = {Daniel Hort and Jiří Rachůnek},
	title     = {Algebra 1},
	year      = {2003},
	location  = {Olomouc},
	publisher = {Univerzita Palackého}
}

@online{OEIS:integer,
	author	 = {Neil James Alexander Sloane},
	title	 = {A001057},
	subtitle = {Canonical enumeration of integers: interleaved positive and negative integers with zero prepended},
	url	 = {https://oeis.org/A001057},
	urldate  = {2021-04-27}
}

@book{SPIVAK:calculus,
	author    = {Michael Spivak},
	edition   = 3,
	ISBN      = {9780521867443},
	year 	  = {2006},
	publisher = {Publish or Perish},
	location  = {Houston}
}

@online{DAaQT,
	title = {Division Algebras and Quantum Theory},
	author = {John C. Baez},
	year = {2011},
	url = {https://arxiv.org/pdf/1101.5690.pdf},
	urldate = {2021-04-27}
}
	
@book{TeCis,
	title = {Teorie čísel},
	author = {Radomír Halaš},
	year = {2014},
	edition   = {2., upravené},
	publisher = {Univerzita Palackého},
	address = {Olomouc},
	isbn = {978-80-244-4068-2},
}

@online{LambdaCalcul,
	title = {A Tutorial Introduction to the Lambda Calculus},
	author = {Raul Rojas},
	year = {2015},
	publisher = {Freie Universität},
	address = {Berlin},
	url = {http://www.inf.fu-berlin.de/inst/ag-ki/rojas_home/documents/tutorials/lambda.pdf},
	urldate = {2021-04-27}
}

@online{Operations,
	title = {Ackerman’s Function and New Arithmetical Operations},
	author = {Constantin A. Rubstov and Giovanni F. Romerio},
	year = {2004},
	url = {http://www.rotarysaluzzo.it/Z_Vecchio_Sito/filePDF/Iperoperazioni\%20(1).pdf},
	urldate = {2021-04-27}
}

@online{BBP,
	title = {On  the  Rapid  Computation  of  Various Polylogarithmic Constants},
	author = {David Bailey and Peter Borwein and Simon Plouffe},
	year = {1997},
	url = {https://www.ams.org/journals/mcom/1997-66-218/S0025-5718-97-00856-9/S0025-5718-97-00856-9.pdf},
	urldate = {2021-04-27}
}

@online{approxpi,
	title = {Approximation of $\pi$},
	author = {Madeleine Jansson},
	year = {2019},
	publisher = {Lund University},
	url = {https://lup.lub.lu.se/luur/download?func=downloadFile&recordOId=8983341&fileOId=8983342},
	urldate = {2021-04-27}
}

@online{piratio,
	title = {Circular Reasoning: Who First Proved That $C/d$ Is a Constant?},
	author = {David Richeson},
	year = {2010},
	url = {https://arxiv.org/pdf/1303.0904.pdf},
	urldate = {2021-04-27},
	publisher = {Dickinson College},
}

@online{GR,
	title = {On the Golden Ratio},
	author = {Michel Spira},
	url = {https://www.mathunion.org/fileadmin/ICMI/Conferences/ICME/ICME12/www.icme12.org/upload/submission/1948_F.pdf},
	urldate = {2021-04-27},
	publisher = {Universidade Federal de Minas Gerais}
}
	
@online{HoMF,
	title = {Handbook of Mathematical Functions},
	subtitle = {With Formulas, Graphs and Mathematical Tables},
	author = {Milton Abramowitz and Irene A. Stegun},
	year = {1964},
	edition = {10, with corrections},
	url = {http://www.math.ubc.ca/~cbm/aands/abramowitz_and_stegun.pdf},
	urldate = {2021-04-28},
	publisher = {U.S. Government Printing Office},
	address = {Washington}
}
	
@book{TMA:Calculus,
	title={Calculus},
	subtitle={Volume I},
	author={Tom M. Apostol},
	edition={2},
	ISBN={0-471-00005-1},
	publisher={John Wiley \& Sons},
	address={USA},
	year={1967}
}	

@article{rice:kompr,
	title={Recursive Real Numbers},
	author={Henry Gordon Rice},
	publisher={American Mathematical Society},
	year={1954},
	journal={Proceedings of the American Mathematical Society},
	volume={5},
	pages={784--791},
	number={5},
	url={https://www.ams.org/journals/proc/1954-005-05/S0002-9939-1954-0063328-5/home.html},
	urldate={2021-07-22}
}
